@manual{openCvAbout,
  author = {OpenCV},
  title = {About Us},
  url = {https://opencv.org/about/},
  urldate = {3 September 2020},
  note = {\url{https://opencv.org/about/} Accessed on 3 September 2020}
}
@manual{haarImage,
	author = {Berger, Will},
	title = {Deep Learning Haar Cascades Explained},
	url = {http://www.willberger.org/cascade-haar-explained/},
	urldate = {3 September 2020},
	note = {\url{http://www.willberger.org/cascade-haar-explained/} Accessed on 3 September 2020}
}
@manual{haarInformation,
	author = {OpenCV},
	title = {OpenCV Documentation; Cascade Classifiers},
	url = {https://docs.opencv.org/3.4/db/d28/tutorial_cascade_classifier.html},
	urldate = {4 September 2020},
	note = {\url {https://docs.opencv.org/3.4/db/d28/tutorial_cascade_classifier.html} Accessed on 4 September 2020}
}
@manual{lbphDiagram,
	author = {Li, Wang and Siddique, Ali Akbar},
	title = {Facial recognition system using LBPH face recognizer for anti-theft and surveillance application based on drone technology},
	url = {https://journals.sagepub.com/doi/full/10.1177/0020294020932344},
	urldate = {4 September 2020},
	note = {\url{https://journals.sagepub.com/doi/full/10.1177/0020294020932344} Accessed on 4 September 2020}
}
@manual{colourBlindness,
	author = {National Eye Institute},
	title = {Types of colour blindness},
	url= {https://www.nei.nih.gov/learn-about-eye-health/eye-conditions-and-diseases/color-blindness/types-color-blindness},
	urldate = {17 September 2020},
	note = {\url{https://www.nei.nih.gov/learn-about-eye-health/eye-conditions-and-diseases/color-blindness/types-color-blindness} Accessed on 17 September 2020}
}
@manual{rufus,
	author = {Pete Batard},
	title = {Rufus},
	url = {https://rufus.ie/},
	urldate = {21 September 2020},
	note = {\url{https://rufus.ie/} Accessed on 21 September 2020}
}
@manual{raspberryPi,
	author = {Raspberry Pi Foundation},
	title = {Raspberry Pi Images},
	url = {https://www.raspberrypi.org/downloads/},
	urldate = {21 September 2020},
	note = {\url{https://www.raspberrypi.org/downloads/} Accessed on 21 September 2020}
}
